<?xml version="1.0" encoding="UTF-8"?><collection xmlns="http://www.loc.gov/MARC21/slim"><record><leader>00445nam--2200169-i-4500</leader><controlfield tag="001">000039557</controlfield><controlfield tag="002">20161230</controlfield><controlfield tag="005">20161230201042</controlfield><controlfield tag="008">060222s1000------------r-----000-0-eng-d</controlfield><datafield ind1=" " ind2=" " tag="040"><subfield code="a">IFIN-HH</subfield></datafield><datafield ind1=" " ind2=" " tag="080"><subfield code="a">801.323.2+30+590</subfield></datafield><datafield ind1="1" ind2=" " tag="100"><subfield code="a">Roman,Alexandru</subfield></datafield><datafield ind1="1" ind2="0" tag="245"><subfield code="a">Dictionar de buzunar german-roman</subfield><subfield code="c">Alexandru roman</subfield></datafield><datafield ind1=" " ind2=" " tag="260"><subfield code="a">Bucuresti</subfield><subfield code="b">Editura Stiintifica</subfield><subfield code="c">1961</subfield></datafield><datafield ind1=" " ind2=" " tag="300"><subfield code="a">313 P</subfield></datafield><datafield ind1=" " ind2=" " tag="852"><subfield code="a">D.249</subfield><subfield code="c">SLG</subfield></datafield><datafield ind1=" " ind2=" " tag="CAT"><subfield code="a">Sys</subfield><subfield code="c">20130207</subfield><subfield code="h">175415</subfield></datafield></record></collection>